
@book{newman2019,
  author    = {Sam Newman},
  title     = {Building Microservices: Designing Fine-Grained Systems},
  year      = {2019},
  publisher = {O'Reilly Media},
  address   = {Sebastopol}
}

@article{pautasso2017,
  author    = {Cesare Pautasso and Olaf Zimmermann and Frank Leymann},
  title     = {Microservices in Practice, Part 1: Reality Check and Service Design},
  journal   = {IEEE Software},
  year      = {2017},
  volume    = {34},
  number    = {1},
  pages     = {91--98}
}

@article{codd1970,
  author    = {Edgar F. Codd},
  title     = {A relational model of data for large shared data banks},
  journal   = {Communications of the ACM},
  volume    = {13},
  number    = {6},
  pages     = {377--387},
  year      = {1970},
  publisher = {ACM}
}


@manual{brewer2000,
  author    = {Eric A. Brewer},
  title     = {Towards Robust Distributed Systems},
  organization = {PODC Keynote},
  year      = {2000},
  month     = {July}
}

@article{vogels2009,
  author    = {Werner Vogels},
  title     = {Eventually Consistent},
  journal   = {Communications of the ACM},
  year      = {2009},
  volume    = {52},
  number    = {1},
  pages     = {40--44}
}

@book{fowler2011,
  author    = {Martin Fowler},
  title     = {Patterns of Enterprise Application Architecture},
  year      = {2011},
  publisher = {Addison-Wesley},
  address   = {Boston}
}

@book{buschmann1996,
  author    = {Frank Buschmann and Regine Meunier and Hans Rohnert and Peter Sommerlad and Michael Stal},
  title     = {Pattern-Oriented Software Architecture: A System of Patterns},
  year      = {1996},
  publisher = {John Wiley \& Sons},
  address   = {Chichester, UK},
}


@book{richardson2018,
  author    = {Chris Richardson},
  title     = {Microservices Patterns: With Examples in Java},
  year      = {2018},
  publisher = {Manning Publications},
  address   = {Shelter Island}
}


@book{gamma1994,
  author    = {Erich Gamma and Richard Helm and Ralph Johnson and John Vlissides},
  title     = {Design Patterns: Elements of Reusable Object-Oriented Software},
  year      = {1994},
  publisher = {Addison-Wesley Professional},
  address   = {Boston, MA},
}







@book{dragoni2017,
  author    = {Nicola Dragoni and Saverio Giallorenzo and Alberto Lluch Lafuente and Manuel Mazzara and Fabrizio Montesi and Ruslan Mustafin and Larisa Safina},
  title     = {Microservices: Yesterday, Today, and Tomorrow},
  year      = {2017},
  publisher = {Springer},
  pages     = {195-216},
  isbn      = {978-3319578693}
}

@book{fowler2014,
  author    = {Martin Fowler and James Lewis},
  title     = {Microservices: a definition of this new architectural term},
  year      = {2014},
  publisher = {martinfowler.com},
  url       = {https://martinfowler.com/articles/microservices.html}
}

@book{gray1996,
  author    = {Jim Gray and Andreas Reuter},
  title     = {Transaction Processing: Concepts and Techniques},
  year      = {1996},
  publisher = {Morgan Kaufmann},
  isbn      = {978-1558601901}
}

@book{bernstein1987,
  author    = {Philip A. Bernstein and Vassos Hadzilacos and Nathan Goodman},
  title     = {Concurrency Control and Recovery in Database Systems},
  year      = {1987},
  publisher = {Addison-Wesley},
  isbn      = {978-0201107159}
}

@article{berenson1995,
  author    = {Hal Berenson and Phil Bernstein and Jim Gray and Jim Melton and Elizabeth O'Neil and Patrick O'Neil},
  title     = {A Critique of ANSI SQL Isolation Levels},
  journal   = {SIGMOD Rec.},
  year      = {1995},
  volume    = {24},
  pages     = {1–10},
  doi       = {10.1145/568271.223785}
}

@article{haerder1983,
  author    = {Theo Härder and Andreas Reuter},
  title     = {Principles of Transaction-Oriented Database Recovery},
  journal   = {ACM Comput. Surv.},
  year      = {1983},
  volume    = {15},
  pages     = {287–317},
  doi       = {10.1145/289.291}
}

@book{chodorow2013,
  author    = {Kristina Chodorow},
  title     = {MongoDB: The Definitive Guide: Powerful and Scalable Data Storage},
  year      = {2013},
  publisher = {O'Reilly Media},
  edition   = {2nd},
  isbn      = {978-1449344689}
}

@article{decandia2007,
  author    = {Giuseppe DeCandia and Deniz Hastorun and Madan Jampani and Gunavardhan Kakulapati and Avinash Lakshman and Alex Pilchin and Swaminathan Sivasubramanian and Peter Vosshall and Werner Vogels},
  title     = {Dynamo: Amazon's Highly Available Key-value Store},
  journal   = {ACM SIGOPS Operating Systems Review},
  year      = {2007},
  volume    = {41},
  number    = {6},
  pages     = {205-220},
  doi       = {10.1145/1323293.1294281}
}

@article{lakshman2010,
  author    = {Avinash Lakshman and Prashant Malik},
  title     = {Cassandra: a decentralized structured storage system},
  journal   = {ACM SIGOPS Operating Systems Review},
  year      = {2010},
  volume    = {44},
  number    = {2},
  pages     = {35-40},
  doi       = {10.1145/1773912.1773922}
}

@article{angles2008,
  author    = {Renzo Angles and Claudio Gutierrez},
  title     = {Survey of graph database models},
  journal   = {ACM Comput. Surv.},
  year      = {2008},
  volume    = {40},
  number    = {1},
  pages     = {1–39},
  doi       = {10.1145/1322432.1322433}
}

@article{han2011,
  author    = {Jinho Han and Haihong E and Guan Le and Jian Du},
  title     = {Survey on NoSQL database},
  journal   = {2011 6th International Conference on Pervasive Computing and Applications},
  year      = {2011},
  pages     = {363-366},
  doi       = {10.1109/ICPCA.2011.6106531}
}

@article{curino2010,
  author    = {Carlo Curino and Evan Jones and Yang Zhang and Samuel Madden},
  title     = {Schism: a workload-driven approach to database replication and partitioning},
  journal   = {Proc. VLDB Endow.},
  year      = {2010},
  volume    = {3},
  number    = {1-2},
  pages     = {48-57},
  doi       = {10.14778/1920841.1920851}
}

@book{tanenbaum2007,
  author    = {Andrew S. Tanenbaum and Maarten Van Steen},
  title     = {Distributed Systems: Principles and Paradigms},
  year      = {2007},
  publisher = {Prentice Hall},
  edition   = {2nd},
  isbn      = {978-0132392273}
}

@book{dean2013,
  author    = {Jeffrey Dean and Luiz André Barroso},
  title     = {The Tail at Scale},
  journal   = {Communications of the ACM},
  year      = {2013},
  volume    = {56},
  number    = {2},
  pages     = {74-80},
  doi       = {10.1145/2408776.2408794}
}

@book{nygard2007,
  author    = {Michael T. Nygard},
  title     = {Release It!: Design and Deploy Production-Ready Software},
  year      = {2007},
  publisher = {Pragmatic Bookshelf},
  isbn      = {978-0978739218}
}

@book{young2010,
  author    = {Greg Young},
  title     = {CQRS Documents},
  year      = {2010},
  publisher = {cqrs.nu},
  url       = {http://cqrs.nu/Faq}
}

@book{vernon2013,
  author    = {Vaughn Vernon},
  title     = {Implementing Domain-Driven Design},
  year      = {2013},
  publisher = {Addison-Wesley},
  isbn      = {978-0321834577}
}

@book{fowler2005,
  author    = {Martin Fowler},
  title     = {Patterns of Enterprise Application Architecture},
  year      = {2005},
  publisher = {Addison-Wesley},
  isbn      = {978-0321127426}
}

@article{gray2006,
  author    = {Jim Gray and Leslie Lamport},
  title     = {Consensus on Transaction Commit},
  journal   = {ACM Transactions on Database Systems},
  year      = {2006},
  volume    = {31},
  number    = {1},
  pages     = {133-160},
  doi       = {10.1145/1132863.1132867}
}

@book{hewitt2010,
  author    = {Carl Hewitt},
  title     = {Actor Model for Computing},
  year      = {2010},
  publisher = {arXiv},
  url       = {https://arxiv.org/abs/1008.1459}
}

@article{pritchett2008,
  author    = {Dan Pritchett},
  title     = {BASE: An Acid Alternative},
  journal   = {Queue},
  year      = {2008},
  volume    = {6},
  number    = {3},
  pages     = {48-55},
  doi       = {10.1145/1394127.1394128}
}

@article{cattell2011,
  author    = {Rick Cattell},
  title     = {Scalable SQL and NoSQL Data Stores},
  journal   = {ACM SIGMOD Record},
  volume    = {39},
  number    = {4},
  year      = {2011},
  pages     = {12-27},
}


@book{gray_reuter1992,
author = {Gray, Jim and Reuter, Andreas},
title = {Transaction Processing: Concepts and Techniques},
year = {1992},
isbn = {1558601902},
publisher = {Morgan Kaufmann Publishers Inc.},
}

  

 @manual{Akka2021,
   title={Akka Documentation},
   author={{Akka}},
   year={2021},
   note={Disponível em: \url{https://doc.akka.io/docs/akka/current/}}
 }


@book{garcia-molina1987,
  author    = {Hector Garcia-Molina and Kenneth Salem},
  title     = {Sagas},
  journal   = {Proceedings of the 1987 ACM SIGMOD International Conference on Management of Data},
  year      = {1987},
  pages     = {249-259},
  doi       = {10.1145/38713.38742}
}

@book{fowler2015,
  author    = {Martin Fowler},
  title     = {Refactoring: Improving the Design of Existing Code},
  year      = {2015},
  publisher = {Addison-Wesley Professional},
  edition   = {2nd},
  isbn      = {978-0134757599}
}



@book{silberschatz2020,
  author    = {Abraham Silberschatz and Henry F. Korth and S. Sudarshan},
  title     = {Database System Concepts},
  edition   = {7th},
  year      = {2020},
  publisher = {McGraw-Hill Education},
}

 @book{Boner2014,
   title={Reactive Microservices Architecture: Design Principles for Distributed Systems},
   author={Jonas Bonér and Dave Farley and Roland Kuhn and Martin Thompson},
   year={2014},
   publisher={O'Reilly Media}
 }

 @manual{AxonIQ2021,
   title={Axon Framework Reference Guide},
   author={{AxonIQ}},
   year={2021},
   note={Disponível em: \url{https://docs.axoniq.io/reference-guide/}}
 }

 @manual{Lagom2021,
   title={Lagom Framework Documentation},
   author={{Lightbend}},
   year={2021},
   note={Disponível em: \url{https://www.lagomframework.com/documentation/}}
 }




 @manual{Eventuate2021,
   title={Eventuate Documentation},
   author={{Eventuate}},
   year={2021},
   note={Disponível em: \url{https://eventuate.io/}}
 }




 @manual{Resilience4j2021,
   title={Resilience4j Documentation},
   author={{Resilience4j}},
   year={2021},
   note={Disponível em: \url{https://resilience4j.readme.io/}}
 }

 @manual{SpringCloudNetflix2021,
   title={Spring Cloud Netflix Documentation},
   author={{Spring Cloud Netflix}},
   year={2021},
   note={Disponível em: \url{https://spring.io/projects/spring-cloud-netflix}}
 }

 @manual{SpringCloud2021,
   title={Spring Cloud Netflix Documentation},
   author={{Spring Cloud Netflix}},
   year={2021},
   note={Disponível em: \url{https://spring.io/projects/spring-cloud-netflix}}
 }

 @manual{Netflix2014,
   title={Hystrix: Latency and Fault Tolerance for Distributed Systems},
   author={{Netflix}},
   year={2014},
   note={Disponível em: \url{https://github.com/Netflix/Hystrix/wiki}}
 }

 @manual{Vertx2021,
   title={Eclipse Vert.x Documentation},
   author={{Eclipse Vert.x}},
   year={2021},
   note={Disponível em: \url{https://vertx.io/docs/}}
 }

 @manual{Helidon2021,
   title={Helidon Documentation},
   author={{Helidon}},
   year={2021},
   note={Disponível em: \url{https://helidon.io/docs/latest/}}
 }

 @article{Helland2015,
   title={Data on the Outside Versus Data on the Inside},
   author={Pat Helland},
   journal={Communications of the ACM},
   volume={58},
   number={1},
   pages={42--49},
   year={2015},
   publisher={ACM}
 }
